
@article{三浦康秀2010電子カルテからの副作用関係の自動抽出,
  title={電子カルテからの副作用関係の自動抽出},
  author={三浦康秀 and 荒牧英治 and 大熊智子 and 外池昌嗣 and 杉原大悟 and 増市博 and 大江和彦},
  journal={言語処理学会第 16 回年次大会},
  pages={78--81},
  year={2010}
}

